[
  {
    "id": "1",
    "name": "Sarah Chen",
    "company": "Sarah Technology Corp",
    "industry": "technology",
    "region": "north-america",
    "revenue": 125000,
    "dealSize": 16867,
    "contractLength": 20,
    "status": "inactive",
    "notes": "Acquired via Employee Referral. Left due to: Switched to Open Source Solution",
    "createdAt": "2023-01-15T00:00:00.000Z"
  },
  {
    "id": "2",
    "name": "Michael Rodriguez",
    "company": "Michael Healthcare Corp",
    "industry": "healthcare",
    "region": "north-america",
    "revenue": 89000,
    "dealSize": 16774,
    "contractLength": 32,
    "status": "inactive",
    "notes": "Acquired via Google Ads Campaign. Left due to: HIPAA Compliance Issues",
    "createdAt": "2023-02-03T00:00:00.000Z"
  },
  {
    "id": "3",
    "name": "Jennifer Park",
    "company": "Jennifer Financial Corp",
    "industry": "finance",
    "region": "north-america",
    "revenue": 156000,
    "dealSize": 20703,
    "contractLength": 22,
    "status": "active",
    "notes": "Acquired via Company Website. Strong ongoing relationship.",
    "createdAt": "2023-02-18T00:00:00.000Z"
  },
  {
    "id": "4",
    "name": "David Thompson",
    "company": "David E-commerce Corp",
    "industry": "retail",
    "region": "north-america",
    "revenue": 78000,
    "dealSize": 7969,
    "contractLength": 22,
    "status": "inactive",
    "notes": "Acquired via LinkedIn Advertisement. Left due to: Budget Constraints",
    "createdAt": "2023-03-05T00:00:00.000Z"
  },
  {
    "id": "5",
    "name": "Lisa Wang",
    "company": "Lisa Education Corp",
    "industry": "education",
    "region": "north-america",
    "revenue": 92000,
    "dealSize": 15742,
    "contractLength": 33,
    "status": "inactive",
    "notes": "Acquired via Industry Conference. Left due to: School District Budget Cuts",
    "createdAt": "2023-03-22T00:00:00.000Z"
  },
  {
    "id": "6",
    "name": "Robert Martinez",
    "company": "Robert Manufacturing Corp",
    "industry": "manufacturing",
    "region": "north-america",
    "revenue": 134000,
    "dealSize": 19524,
    "contractLength": 31,
    "status": "inactive",
    "notes": "Acquired via Partner Referral. Left due to: Merged with Parent Company",
    "createdAt": "2023-04-10T00:00:00.000Z"
  },
  {
    "id": "7",
    "name": "Emily Davis",
    "company": "Emily Media Corp",
    "industry": "media",
    "region": "north-america",
    "revenue": 67000,
    "dealSize": 6948,
    "contractLength": 13,
    "status": "inactive",
    "notes": "Acquired via Social Media Ad. Left due to: Switched to Competitor",
    "createdAt": "2023-04-28T00:00:00.000Z"
  },
  {
    "id": "8",
    "name": "James Wilson",
    "company": "James Automotive Corp",
    "industry": "automotive",
    "region": "north-america",
    "revenue": 145000,
    "dealSize": 28190,
    "contractLength": 29,
    "status": "inactive",
    "notes": "Acquired via Trade Show. Left due to: Industry Downturn",
    "createdAt": "2023-05-14T00:00:00.000Z"
  },
  {
    "id": "9",
    "name": "Maria Garcia",
    "company": "Maria Real Corp",
    "industry": "real-estate",
    "region": "north-america",
    "revenue": 83000,
    "dealSize": 9960,
    "contractLength": 27,
    "status": "inactive",
    "notes": "Acquired via Cold Outreach. Left due to: Market Recession Impact",
    "createdAt": "2023-05-30T00:00:00.000Z"
  },
  {
    "id": "10",
    "name": "Christopher Lee",
    "company": "Christopher Retail Corp",
    "industry": "retail",
    "region": "north-america",
    "revenue": 98000,
    "dealSize": 11681,
    "contractLength": 15,
    "status": "active",
    "notes": "Acquired via Webinar Attendance. Strong ongoing relationship.",
    "createdAt": "2023-06-16T00:00:00.000Z"
  },
  {
    "id": "11",
    "name": "Amanda Johnson",
    "company": "Amanda Legal Corp",
    "industry": "legal",
    "region": "north-america",
    "revenue": 112000,
    "dealSize": 17313,
    "contractLength": 14,
    "status": "inactive",
    "notes": "Acquired via Employee Referral. Left due to: Company Restructuring",
    "createdAt": "2023-07-02T00:00:00.000Z"
  },
  {
    "id": "12",
    "name": "Ryan Brown",
    "company": "Ryan Energy Corp",
    "industry": "energy",
    "region": "north-america",
    "revenue": 167000,
    "dealSize": 27267,
    "contractLength": 15,
    "status": "inactive",
    "notes": "Acquired via Industry Publication. Left due to: Acquisition by Larger Firm",
    "createdAt": "2023-07-19T00:00:00.000Z"
  },
  {
    "id": "13",
    "name": "Nicole Taylor",
    "company": "Nicole Logistics Corp",
    "industry": "logistics",
    "region": "europe",
    "revenue": 76000,
    "dealSize": 13514,
    "contractLength": 18,
    "status": "inactive",
    "notes": "Acquired via Google Ads Campaign. Left due to: Cost Optimization Initiative",
    "createdAt": "2023-08-05T00:00:00.000Z"
  },
  {
    "id": "14",
    "name": "Kevin Anderson",
    "company": "Kevin Insurance Corp",
    "industry": "insurance",
    "region": "north-america",
    "revenue": 129000,
    "dealSize": 17876,
    "contractLength": 31,
    "status": "inactive",
    "notes": "Acquired via Company Website. Left due to: Regulatory Changes",
    "createdAt": "2023-08-22T00:00:00.000Z"
  },
  {
    "id": "15",
    "name": "Rachel Moore",
    "company": "Rachel Pharmaceutical Corp",
    "industry": "healthcare",
    "region": "europe",
    "revenue": 188000,
    "dealSize": 31093,
    "contractLength": 25,
    "status": "active",
    "notes": "Acquired via Research Partnership. Strong ongoing relationship.",
    "createdAt": "2023-09-08T00:00:00.000Z"
  },
  {
    "id": "16",
    "name": "Brandon White",
    "company": "Brandon Food Corp",
    "industry": "food",
    "region": "europe",
    "revenue": 71000,
    "dealSize": 8893,
    "contractLength": 24,
    "status": "inactive",
    "notes": "Acquired via LinkedIn Advertisement. Left due to: Technical Issues",
    "createdAt": "2023-09-25T00:00:00.000Z"
  },
  {
    "id": "17",
    "name": "Stephanie Harris",
    "company": "Stephanie Telecommunications Corp",
    "industry": "telecommunications",
    "region": "asia-pacific",
    "revenue": 143000,
    "dealSize": 28418,
    "contractLength": 17,
    "status": "inactive",
    "notes": "Acquired via Industry Conference. Left due to: Technology Migration",
    "createdAt": "2023-10-12T00:00:00.000Z"
  },
  {
    "id": "18",
    "name": "Justin Clark",
    "company": "Justin Gaming Corp",
    "industry": "gaming",
    "region": "asia-pacific",
    "revenue": 95000,
    "dealSize": 14386,
    "contractLength": 19,
    "status": "inactive",
    "notes": "Acquired via YouTube Sponsorship. Left due to: Studio Closure",
    "createdAt": "2023-10-29T00:00:00.000Z"
  },
  {
    "id": "19",
    "name": "Melissa Lewis",
    "company": "Melissa Agriculture Corp",
    "industry": "agriculture",
    "region": "north-america",
    "revenue": 86000,
    "dealSize": 10907,
    "contractLength": 26,
    "status": "inactive",
    "notes": "Acquired via Partner Referral. Left due to: Seasonal Budget Cuts",
    "createdAt": "2023-11-15T00:00:00.000Z"
  },
  {
    "id": "20",
    "name": "Tyler Robinson",
    "company": "Tyler Construction Corp",
    "industry": "construction",
    "region": "north-america",
    "revenue": 108000,
    "dealSize": 12886,
    "contractLength": 26,
    "status": "inactive",
    "notes": "Acquired via Trade Show. Left due to: Budget Constraints",
    "createdAt": "2023-12-01T00:00:00.000Z"
  },
  {
    "id": "21",
    "name": "Kimberly Walker",
    "company": "Kimberly Fashion Corp",
    "industry": "fashion",
    "region": "europe",
    "revenue": 64000,
    "dealSize": 12686,
    "contractLength": 27,
    "status": "inactive",
    "notes": "Acquired via Influencer Marketing. Left due to: Fashion Industry Downturn",
    "createdAt": "2023-12-18T00:00:00.000Z"
  },
  {
    "id": "22",
    "name": "Anthony Hall",
    "company": "Anthony Cybersecurity Corp",
    "industry": "technology",
    "region": "north-america",
    "revenue": 152000,
    "dealSize": 30333,
    "contractLength": 32,
    "status": "inactive",
    "notes": "Acquired via Security Conference. Left due to: Contract Non-Renewal",
    "createdAt": "2024-01-04T00:00:00.000Z"
  },
  {
    "id": "23",
    "name": "Samantha Allen",
    "company": "Samantha Marketing Corp",
    "industry": "marketing",
    "region": "north-america",
    "revenue": 102000,
    "dealSize": 17258,
    "contractLength": 33,
    "status": "inactive",
    "notes": "Acquired via Cold Outreach. Left due to: Privacy Law Changes",
    "createdAt": "2024-01-21T00:00:00.000Z"
  },
  {
    "id": "24",
    "name": "Daniel Young",
    "company": "Daniel Transportation Corp",
    "industry": "transportation",
    "region": "europe",
    "revenue": 118000,
    "dealSize": 23119,
    "contractLength": 30,
    "status": "inactive",
    "notes": "Acquired via Industry Forum. Left due to: Supply Chain Disruption",
    "createdAt": "2024-02-07T00:00:00.000Z"
  },
  {
    "id": "25",
    "name": "Jessica King",
    "company": "Jessica Hospitality Corp",
    "industry": "hospitality",
    "region": "europe",
    "revenue": 79000,
    "dealSize": 15600,
    "contractLength": 27,
    "status": "inactive",
    "notes": "Acquired via Travel Blog Review. Left due to: Tourism Industry Decline",
    "createdAt": "2024-02-24T00:00:00.000Z"
  },
  {
    "id": "26",
    "name": "Matthew Wright",
    "company": "Matthew Sports Corp",
    "industry": "sports",
    "region": "north-america",
    "revenue": 91000,
    "dealSize": 16480,
    "contractLength": 17,
    "status": "inactive",
    "notes": "Acquired via ESPN Partnership. Left due to: Switched to Competitor",
    "createdAt": "2024-03-12T00:00:00.000Z"
  },
  {
    "id": "27",
    "name": "Ashley Lopez",
    "company": "Ashley Environmental Corp",
    "industry": "environmental",
    "region": "europe",
    "revenue": 87000,
    "dealSize": 15470,
    "contractLength": 26,
    "status": "inactive",
    "notes": "Acquired via Climate Summit. Left due to: Federal Funding Cut",
    "createdAt": "2024-03-29T00:00:00.000Z"
  },
  {
    "id": "28",
    "name": "Joshua Hill",
    "company": "Joshua Aerospace Corp",
    "industry": "aerospace",
    "region": "north-america",
    "revenue": 174000,
    "dealSize": 19394,
    "contractLength": 20,
    "status": "inactive",
    "notes": "Acquired via Government Contract. Left due to: Defense Contract Ended",
    "createdAt": "2024-04-15T00:00:00.000Z"
  },
  {
    "id": "29",
    "name": "Lauren Green",
    "company": "Lauren Biotechnology Corp",
    "industry": "biotechnology",
    "region": "north-america",
    "revenue": 139000,
    "dealSize": 22650,
    "contractLength": 13,
    "status": "inactive",
    "notes": "Acquired via Scientific Journal. Left due to: Research Grant Expired",
    "createdAt": "2024-05-02T00:00:00.000Z"
  },
  {
    "id": "30",
    "name": "Andrew Adams",
    "company": "Andrew Music Corp",
    "industry": "music",
    "region": "north-america",
    "revenue": 73000,
    "dealSize": 8441,
    "contractLength": 19,
    "status": "inactive",
    "notes": "Acquired via Music Festival Booth. Left due to: Streaming Wars Impact",
    "createdAt": "2024-05-19T00:00:00.000Z"
  },
  {
    "id": "31",
    "name": "Brittany Baker",
    "company": "Brittany Pet Corp",
    "industry": "pet-care",
    "region": "north-america",
    "revenue": 82000,
    "dealSize": 12670,
    "contractLength": 13,
    "status": "inactive",
    "notes": "Acquired via Pet Expo. Left due to: Market Consolidation",
    "createdAt": "2024-06-05T00:00:00.000Z"
  },
  {
    "id": "32",
    "name": "Jonathan Gonzalez",
    "company": "Jonathan Mining Corp",
    "industry": "mining",
    "region": "asia-pacific",
    "revenue": 161000,
    "dealSize": 17940,
    "contractLength": 15,
    "status": "inactive",
    "notes": "Acquired via Mining Conference. Left due to: Environmental Concerns",
    "createdAt": "2024-06-22T00:00:00.000Z"
  },
  {
    "id": "33",
    "name": "Megan Nelson",
    "company": "Megan Social Corp",
    "industry": "social-media",
    "region": "north-america",
    "revenue": 94000,
    "dealSize": 11347,
    "contractLength": 23,
    "status": "inactive",
    "notes": "Acquired via Twitter Campaign. Left due to: Company Merger",
    "createdAt": "2024-07-09T00:00:00.000Z"
  },
  {
    "id": "34",
    "name": "Kevin Carter",
    "company": "Kevin Renewable Corp",
    "industry": "energy",
    "region": "europe",
    "revenue": 127000,
    "dealSize": 14958,
    "contractLength": 30,
    "status": "inactive",
    "notes": "Acquired via Green Tech Summit. Left due to: Policy Changes",
    "createdAt": "2024-07-26T00:00:00.000Z"
  },
  {
    "id": "35",
    "name": "Tiffany Mitchell",
    "company": "Tiffany Beauty Corp",
    "industry": "beauty",
    "region": "europe",
    "revenue": 68000,
    "dealSize": 13021,
    "contractLength": 35,
    "status": "inactive",
    "notes": "Acquired via Beauty Convention. Left due to: Supply Chain Issues",
    "createdAt": "2024-08-12T00:00:00.000Z"
  },
  {
    "id": "36",
    "name": "Jordan Perez",
    "company": "Jordan Gaming Corp",
    "industry": "gaming",
    "region": "asia-pacific",
    "revenue": 103000,
    "dealSize": 14579,
    "contractLength": 17,
    "status": "inactive",
    "notes": "Acquired via Gaming Expo. Left due to: Platform Shutdown",
    "createdAt": "2024-08-29T00:00:00.000Z"
  },
  {
    "id": "37",
    "name": "Crystal Roberts",
    "company": "Crystal Healthcare Corp",
    "industry": "healthcare",
    "region": "north-america",
    "revenue": 145000,
    "dealSize": 19450,
    "contractLength": 14,
    "status": "inactive",
    "notes": "Acquired via Medical Conference. Left due to: FDA Regulations",
    "createdAt": "2024-09-15T00:00:00.000Z"
  },
  {
    "id": "38",
    "name": "Marcus Turner",
    "company": "Marcus Supply Corp",
    "industry": "logistics",
    "region": "asia-pacific",
    "revenue": 114000,
    "dealSize": 12280,
    "contractLength": 14,
    "status": "inactive",
    "notes": "Acquired via Logistics Summit. Left due to: Technology Obsolescence",
    "createdAt": "2024-10-02T00:00:00.000Z"
  },
  {
    "id": "39",
    "name": "Diana Phillips",
    "company": "Diana EdTech Corp",
    "industry": "education",
    "region": "north-america",
    "revenue": 89000,
    "dealSize": 9005,
    "contractLength": 24,
    "status": "inactive",
    "notes": "Acquired via Startup Accelerator. Left due to: Funding Dried Up",
    "createdAt": "2024-10-19T00:00:00.000Z"
  },
  {
    "id": "40",
    "name": "Steven Campbell",
    "company": "Steven Drone Corp",
    "industry": "technology",
    "region": "north-america",
    "revenue": 96000,
    "dealSize": 11703,
    "contractLength": 18,
    "status": "inactive",
    "notes": "Acquired via Tech Blog Feature. Left due to: Technical Limitations",
    "createdAt": "2024-11-05T00:00:00.000Z"
  },
  {
    "id": "41",
    "name": "Vanessa Parker",
    "company": "Vanessa Mental Corp",
    "industry": "healthcare",
    "region": "north-america",
    "revenue": 85000,
    "dealSize": 15634,
    "contractLength": 18,
    "status": "inactive",
    "notes": "Acquired via Healthcare Innovation Fair. Left due to: Licensing Issues",
    "createdAt": "2024-11-22T00:00:00.000Z"
  },
  {
    "id": "42",
    "name": "Gerald Evans",
    "company": "Gerald Smart Corp",
    "industry": "smart-city",
    "region": "europe",
    "revenue": 156000,
    "dealSize": 19075,
    "contractLength": 19,
    "status": "inactive",
    "notes": "Acquired via Smart Cities Conference. Left due to: Municipal Budget Cuts",
    "createdAt": "2024-12-09T00:00:00.000Z"
  },
  {
    "id": "43",
    "name": "Alexis Edwards",
    "company": "Alexis Virtual Corp",
    "industry": "technology",
    "region": "north-america",
    "revenue": 107000,
    "dealSize": 20856,
    "contractLength": 20,
    "status": "inactive",
    "notes": "Acquired via VR/AR Expo. Left due to: Hardware Compatibility Issues",
    "createdAt": "2024-12-26T00:00:00.000Z"
  },
  {
    "id": "44",
    "name": "Trevor Collins",
    "company": "Trevor Blockchain Corp",
    "industry": "technology",
    "region": "north-america",
    "revenue": 132000,
    "dealSize": 13252,
    "contractLength": 33,
    "status": "inactive",
    "notes": "Acquired via Crypto Conference. Left due to: Crypto Market Crash",
    "createdAt": "2025-01-12T00:00:00.000Z"
  },
  {
    "id": "45",
    "name": "Natalie Stewart",
    "company": "Natalie Food Corp",
    "industry": "food",
    "region": "asia-pacific",
    "revenue": 77000,
    "dealSize": 8165,
    "contractLength": 28,
    "status": "inactive",
    "notes": "Acquired via Food Tech Summit. Left due to: Market Saturation",
    "createdAt": "2025-01-29T00:00:00.000Z"
  },
  {
    "id": "46",
    "name": "Gregory Morris",
    "company": "Gregory Weather Corp",
    "industry": "weather",
    "region": "north-america",
    "revenue": 99000,
    "dealSize": 11148,
    "contractLength": 16,
    "status": "inactive",
    "notes": "Acquired via Climate Data Conference. Left due to: Government Contract Loss",
    "createdAt": "2025-02-15T00:00:00.000Z"
  },
  {
    "id": "47",
    "name": "Heather Rogers",
    "company": "Heather HR Corp",
    "industry": "hr",
    "region": "north-america",
    "revenue": 88000,
    "dealSize": 11597,
    "contractLength": 12,
    "status": "inactive",
    "notes": "Acquired via HR Tech Expo. Left due to: Platform Migration",
    "createdAt": "2025-03-04T00:00:00.000Z"
  },
  {
    "id": "48",
    "name": "Carlos Reed",
    "company": "Carlos IoT Corp",
    "industry": "technology",
    "region": "europe",
    "revenue": 122000,
    "dealSize": 20320,
    "contractLength": 33,
    "status": "inactive",
    "notes": "Acquired via IoT World Congress. Left due to: Security Vulnerabilities",
    "createdAt": "2025-03-21T00:00:00.000Z"
  },
  {
    "id": "49",
    "name": "Patricia Cook",
    "company": "Patricia Customer Corp",
    "industry": "technology",
    "region": "north-america",
    "revenue": 93000,
    "dealSize": 10011,
    "contractLength": 12,
    "status": "inactive",
    "notes": "Acquired via Customer Experience Summit. Left due to: Performance Issues",
    "createdAt": "2025-04-07T00:00:00.000Z"
  },
  {
    "id": "50",
    "name": "Victor Morgan",
    "company": "Victor Quantum Corp",
    "industry": "technology",
    "region": "north-america",
    "revenue": 187000,
    "dealSize": 20044,
    "contractLength": 31,
    "status": "active",
    "notes": "Acquired via Quantum Research Partnership. Strong ongoing relationship.",
    "createdAt": "2025-04-24T00:00:00.000Z"
  },
  {
    "id": "51",
    "name": "Rebecca Bailey",
    "company": "Rebecca Social Corp",
    "industry": "social-impact",
    "region": "north-america",
    "revenue": 81000,
    "dealSize": 14859,
    "contractLength": 12,
    "status": "inactive",
    "notes": "Acquired via Social Good Conference. Left due to: Grant Funding Ended",
    "createdAt": "2025-05-11T00:00:00.000Z"
  },
  {
    "id": "52",
    "name": "Felix Rivera",
    "company": "Felix Language Corp",
    "industry": "technology",
    "region": "europe",
    "revenue": 105000,
    "dealSize": 15548,
    "contractLength": 35,
    "status": "inactive",
    "notes": "Acquired via Localization Summit. Left due to: API Limitations",
    "createdAt": "2025-05-28T00:00:00.000Z"
  },
  {
    "id": "53",
    "name": "Gabriela Cooper",
    "company": "Gabriela Mental Corp",
    "industry": "healthcare",
    "region": "north-america",
    "revenue": 74000,
    "dealSize": 14622,
    "contractLength": 15,
    "status": "inactive",
    "notes": "Acquired via Wellness Technology Fair. Left due to: Data Breach Concerns",
    "createdAt": "2025-06-14T00:00:00.000Z"
  },
  {
    "id": "54",
    "name": "Austin Richardson",
    "company": "Austin Agricultural Corp",
    "industry": "agriculture",
    "region": "north-america",
    "revenue": 119000,
    "dealSize": 16707,
    "contractLength": 28,
    "status": "active",
    "notes": "Acquired via AgTech Conference. Strong ongoing relationship.",
    "createdAt": "2023-01-28T00:00:00.000Z"
  },
  {
    "id": "55",
    "name": "Stephanie Ward",
    "company": "Stephanie Smart Corp",
    "industry": "smart-home",
    "region": "north-america",
    "revenue": 86000,
    "dealSize": 9831,
    "contractLength": 21,
    "status": "inactive",
    "notes": "Acquired via Home Automation Show. Left due to: Product Discontinuation",
    "createdAt": "2023-02-14T00:00:00.000Z"
  },
  {
    "id": "56",
    "name": "Marcus Torres",
    "company": "Marcus Sports Corp",
    "industry": "sports",
    "region": "north-america",
    "revenue": 111000,
    "dealSize": 16682,
    "contractLength": 13,
    "status": "inactive",
    "notes": "Acquired via Sports Analytics Conference. Left due to: Legal Restrictions",
    "createdAt": "2023-03-02T00:00:00.000Z"
  },
  {
    "id": "57",
    "name": "Carmen Peterson",
    "company": "Carmen Elderly Corp",
    "industry": "healthcare",
    "region": "north-america",
    "revenue": 92000,
    "dealSize": 13220,
    "contractLength": 17,
    "status": "inactive",
    "notes": "Acquired via Healthcare Innovation Summit. Left due to: Insurance Coverage Issues",
    "createdAt": "2023-03-19T00:00:00.000Z"
  },
  {
    "id": "58",
    "name": "Derrick Gray",
    "company": "Derrick Maritime Corp",
    "industry": "maritime",
    "region": "north-america",
    "revenue": 138000,
    "dealSize": 16744,
    "contractLength": 35,
    "status": "inactive",
    "notes": "Acquired via Maritime Technology Conference. Left due to: Port Automation",
    "createdAt": "2023-04-05T00:00:00.000Z"
  },
  {
    "id": "59",
    "name": "Monica Ramirez",
    "company": "Monica Fashion Corp",
    "industry": "fashion",
    "region": "north-america",
    "revenue": 69000,
    "dealSize": 13408,
    "contractLength": 31,
    "status": "inactive",
    "notes": "Acquired via Fashion Tech Week. Left due to: Trend Prediction Failures",
    "createdAt": "2023-04-22T00:00:00.000Z"
  },
  {
    "id": "60",
    "name": "Blake James",
    "company": "Blake Financial Corp",
    "industry": "finance",
    "region": "north-america",
    "revenue": 149000,
    "dealSize": 27151,
    "contractLength": 18,
    "status": "inactive",
    "notes": "Acquired via FinSec Conference. Left due to: False Positive Issues",
    "createdAt": "2023-05-09T00:00:00.000Z"
  },
  {
    "id": "61",
    "name": "Candice Watson",
    "company": "Candice Podcast Corp",
    "industry": "media",
    "region": "north-america",
    "revenue": 84000,
    "dealSize": 13570,
    "contractLength": 35,
    "status": "inactive",
    "notes": "Acquired via Podcast Movement. Left due to: Feature Limitations",
    "createdAt": "2023-05-26T00:00:00.000Z"
  },
  {
    "id": "62",
    "name": "Lorenzo Brooks",
    "company": "Lorenzo Renewable Corp",
    "industry": "energy",
    "region": "north-america",
    "revenue": 126000,
    "dealSize": 18705,
    "contractLength": 34,
    "status": "inactive",
    "notes": "Acquired via Energy Storage Summit. Left due to: Technology Breakthrough by Competitor",
    "createdAt": "2023-06-12T00:00:00.000Z"
  },
  {
    "id": "63",
    "name": "Jasmine Kelly",
    "company": "Jasmine Digital Corp",
    "industry": "art",
    "region": "north-america",
    "revenue": 78000,
    "dealSize": 12620,
    "contractLength": 27,
    "status": "inactive",
    "notes": "Acquired via Digital Art Fair. Left due to: NFT Market Collapse",
    "createdAt": "2023-06-29T00:00:00.000Z"
  },
  {
    "id": "64",
    "name": "Frederick Sanders",
    "company": "Frederick Precision Corp",
    "industry": "agriculture",
    "region": "north-america",
    "revenue": 115000,
    "dealSize": 22403,
    "contractLength": 22,
    "status": "inactive",
    "notes": "Acquired via Precision Ag Conference. Left due to: Drought Impact",
    "createdAt": "2023-07-16T00:00:00.000Z"
  },
  {
    "id": "65",
    "name": "Courtney Price",
    "company": "Courtney Telemedicine Corp",
    "industry": "healthcare",
    "region": "north-america",
    "revenue": 101000,
    "dealSize": 18303,
    "contractLength": 13,
    "status": "inactive",
    "notes": "Acquired via Telehealth Summit. Left due to: Regulatory Compliance Costs",
    "createdAt": "2023-08-02T00:00:00.000Z"
  },
  {
    "id": "66",
    "name": "Donovan Bennett",
    "company": "Donovan Carbon Corp",
    "industry": "environmental",
    "region": "north-america",
    "revenue": 97000,
    "dealSize": 11847,
    "contractLength": 33,
    "status": "inactive",
    "notes": "Acquired via Climate Tech Conference. Left due to: Carbon Credit Policy Changes",
    "createdAt": "2023-08-19T00:00:00.000Z"
  },
  {
    "id": "67",
    "name": "Jacqueline Wood",
    "company": "Jacqueline Event Corp",
    "industry": "events",
    "region": "north-america",
    "revenue": 73000,
    "dealSize": 9716,
    "contractLength": 25,
    "status": "inactive",
    "notes": "Acquired via Event Tech Summit. Left due to: Industry Downturn",
    "createdAt": "2023-09-05T00:00:00.000Z"
  },
  {
    "id": "68",
    "name": "Terrence Barnes",
    "company": "Terrence Smart Corp",
    "industry": "manufacturing",
    "region": "north-america",
    "revenue": 142000,
    "dealSize": 24383,
    "contractLength": 17,
    "status": "inactive",
    "notes": "Acquired via Industrial IoT Conference. Left due to: Factory Automation",
    "createdAt": "2023-09-22T00:00:00.000Z"
  },
  {
    "id": "69",
    "name": "Charlene Ross",
    "company": "Charlene Vaccine Corp",
    "industry": "healthcare",
    "region": "north-america",
    "revenue": 109000,
    "dealSize": 11310,
    "contractLength": 30,
    "status": "inactive",
    "notes": "Acquired via Global Health Summit. Left due to: Pandemic Response Ended",
    "createdAt": "2023-10-09T00:00:00.000Z"
  },
  {
    "id": "70",
    "name": "Marco Henderson",
    "company": "Marco Space Corp",
    "industry": "aerospace",
    "region": "north-america",
    "revenue": 165000,
    "dealSize": 24980,
    "contractLength": 27,
    "status": "inactive",
    "notes": "Acquired via Space Technology Conference. Left due to: Mission Delays",
    "createdAt": "2023-10-26T00:00:00.000Z"
  },
  {
    "id": "71",
    "name": "Valerie Coleman",
    "company": "Valerie Legal Corp",
    "industry": "legal",
    "region": "north-america",
    "revenue": 95000,
    "dealSize": 12113,
    "contractLength": 14,
    "status": "inactive",
    "notes": "Acquired via LegalTech Conference. Left due to: Accuracy Concerns",
    "createdAt": "2023-11-12T00:00:00.000Z"
  },
  {
    "id": "72",
    "name": "Spencer Jenkins",
    "company": "Spencer Autonomous Corp",
    "industry": "automotive",
    "region": "north-america",
    "revenue": 158000,
    "dealSize": 29462,
    "contractLength": 33,
    "status": "inactive",
    "notes": "Acquired via Autonomous Vehicle Summit. Left due to: Safety Regulations",
    "createdAt": "2023-11-29T00:00:00.000Z"
  },
  {
    "id": "73",
    "name": "Jaclyn Perry",
    "company": "Jaclyn Social Corp",
    "industry": "retail",
    "region": "north-america",
    "revenue": 82000,
    "dealSize": 8669,
    "contractLength": 34,
    "status": "inactive",
    "notes": "Acquired via E-commerce Expo. Left due to: Platform Algorithm Changes",
    "createdAt": "2023-12-16T00:00:00.000Z"
  },
  {
    "id": "74",
    "name": "Wesley Powell",
    "company": "Wesley Construction Corp",
    "industry": "construction",
    "region": "north-america",
    "revenue": 123000,
    "dealSize": 16732,
    "contractLength": 22,
    "status": "inactive",
    "notes": "Acquired via Construction Tech Fair. Left due to: Safety Concerns",
    "createdAt": "2024-01-02T00:00:00.000Z"
  },
  {
    "id": "75",
    "name": "Destiny Long",
    "company": "Destiny Virtual Corp",
    "industry": "events",
    "region": "north-america",
    "revenue": 76000,
    "dealSize": 12890,
    "contractLength": 17,
    "status": "inactive",
    "notes": "Acquired via Virtual Event Expo. Left due to: Return to In-Person Events",
    "createdAt": "2024-01-19T00:00:00.000Z"
  },
  {
    "id": "76",
    "name": "Clarence Butler",
    "company": "Clarence Wildlife Corp",
    "industry": "environmental",
    "region": "north-america",
    "revenue": 88000,
    "dealSize": 11775,
    "contractLength": 13,
    "status": "inactive",
    "notes": "Acquired via Conservation Technology Summit. Left due to: Habitat Protection Policies",
    "createdAt": "2024-02-05T00:00:00.000Z"
  },
  {
    "id": "77",
    "name": "Jenna Russell",
    "company": "Jenna Influencer Corp",
    "industry": "marketing",
    "region": "north-america",
    "revenue": 91000,
    "dealSize": 15997,
    "contractLength": 26,
    "status": "inactive",
    "notes": "Acquired via Influencer Marketing Conference. Left due to: Platform Privacy Updates",
    "createdAt": "2024-02-22T00:00:00.000Z"
  },
  {
    "id": "78",
    "name": "Rodney Griffin",
    "company": "Rodney Smart Corp",
    "industry": "energy",
    "region": "north-america",
    "revenue": 134000,
    "dealSize": 17387,
    "contractLength": 29,
    "status": "inactive",
    "notes": "Acquired via Smart Grid Conference. Left due to: Grid Modernization Delays",
    "createdAt": "2024-03-10T00:00:00.000Z"
  },
  {
    "id": "79",
    "name": "Chelsea Diaz",
    "company": "Chelsea Travel Corp",
    "industry": "travel",
    "region": "north-america",
    "revenue": 79000,
    "dealSize": 15204,
    "contractLength": 17,
    "status": "inactive",
    "notes": "Acquired via Travel Technology Summit. Left due to: Travel Industry Recovery",
    "createdAt": "2024-03-27T00:00:00.000Z"
  },
  {
    "id": "80",
    "name": "Allan Hayes",
    "company": "Allan Disaster Corp",
    "industry": "emergency",
    "region": "north-america",
    "revenue": 117000,
    "dealSize": 15848,
    "contractLength": 16,
    "status": "inactive",
    "notes": "Acquired via Emergency Management Conference. Left due to: Emergency Response Budget Cuts",
    "createdAt": "2024-04-13T00:00:00.000Z"
  },
  {
    "id": "81",
    "name": "Paige Myers",
    "company": "Paige Personal Corp",
    "industry": "finance",
    "region": "north-america",
    "revenue": 85000,
    "dealSize": 11973,
    "contractLength": 14,
    "status": "inactive",
    "notes": "Acquired via FinTech Summit. Left due to: Regulatory Issues",
    "createdAt": "2024-04-30T00:00:00.000Z"
  },
  {
    "id": "82",
    "name": "Quinton Ford",
    "company": "Quinton Ocean Corp",
    "industry": "environmental",
    "region": "north-america",
    "revenue": 102000,
    "dealSize": 19040,
    "contractLength": 28,
    "status": "inactive",
    "notes": "Acquired via Ocean Conservation Summit. Left due to: International Funding Issues",
    "createdAt": "2024-05-17T00:00:00.000Z"
  },
  {
    "id": "83",
    "name": "Monique Hamilton",
    "company": "Monique Elderly Corp",
    "industry": "healthcare",
    "region": "north-america",
    "revenue": 87000,
    "dealSize": 12577,
    "contractLength": 22,
    "status": "inactive",
    "notes": "Acquired via Senior Care Technology Fair. Left due to: Privacy Compliance",
    "createdAt": "2024-06-03T00:00:00.000Z"
  },
  {
    "id": "84",
    "name": "Clifford Graham",
    "company": "Clifford Wine Corp",
    "industry": "food",
    "region": "north-america",
    "revenue": 94000,
    "dealSize": 9955,
    "contractLength": 12,
    "status": "inactive",
    "notes": "Acquired via Wine Technology Conference. Left due to: Harvest Variability",
    "createdAt": "2024-06-20T00:00:00.000Z"
  },
  {
    "id": "85",
    "name": "Brandy Sullivan",
    "company": "Brandy Pet Corp",
    "industry": "pet-care",
    "region": "north-america",
    "revenue": 81000,
    "dealSize": 12306,
    "contractLength": 26,
    "status": "inactive",
    "notes": "Acquired via Pet Technology Expo. Left due to: Veterinary Industry Changes",
    "createdAt": "2024-07-07T00:00:00.000Z"
  },
  {
    "id": "86",
    "name": "Orlando Wallace",
    "company": "Orlando Archaeological Corp",
    "industry": "archaeology",
    "region": "north-america",
    "revenue": 96000,
    "dealSize": 16997,
    "contractLength": 31,
    "status": "inactive",
    "notes": "Acquired via Digital Archaeology Conference. Left due to: Museum Budget Cuts",
    "createdAt": "2024-07-24T00:00:00.000Z"
  },
  {
    "id": "87",
    "name": "Krystal West",
    "company": "Krystal Urban Corp",
    "industry": "urban-planning",
    "region": "north-america",
    "revenue": 128000,
    "dealSize": 16943,
    "contractLength": 29,
    "status": "inactive",
    "notes": "Acquired via Urban Innovation Summit. Left due to: City Planning Delays",
    "createdAt": "2024-08-10T00:00:00.000Z"
  },
  {
    "id": "88",
    "name": "Jeremiah Patterson",
    "company": "Jeremiah Language Corp",
    "industry": "education",
    "region": "north-america",
    "revenue": 89000,
    "dealSize": 13273,
    "contractLength": 34,
    "status": "inactive",
    "notes": "Acquired via EdTech Conference. Left due to: Educational Budget Cuts",
    "createdAt": "2024-08-27T00:00:00.000Z"
  },
  {
    "id": "89",
    "name": "Felicia Armstrong",
    "company": "Felicia Climate Corp",
    "industry": "environmental",
    "region": "north-america",
    "revenue": 131000,
    "dealSize": 19892,
    "contractLength": 12,
    "status": "inactive",
    "notes": "Acquired via Climate Science Summit. Left due to: Research Funding Reallocation",
    "createdAt": "2024-09-13T00:00:00.000Z"
  },
  {
    "id": "90",
    "name": "Conrad Hughes",
    "company": "Conrad Waste Corp",
    "industry": "environmental",
    "region": "north-america",
    "revenue": 104000,
    "dealSize": 15389,
    "contractLength": 21,
    "status": "inactive",
    "notes": "Acquired via Waste Management Expo. Left due to: Environmental Regulations",
    "createdAt": "2024-09-30T00:00:00.000Z"
  },
  {
    "id": "91",
    "name": "Sheila Fisher",
    "company": "Sheila Digital Corp",
    "industry": "healthcare",
    "region": "north-america",
    "revenue": 113000,
    "dealSize": 14055,
    "contractLength": 21,
    "status": "inactive",
    "notes": "Acquired via Digital Health Summit. Left due to: Clinical Trial Delays",
    "createdAt": "2024-10-17T00:00:00.000Z"
  },
  {
    "id": "92",
    "name": "Randolph Stone",
    "company": "Randolph Smart Corp",
    "industry": "smart-city",
    "region": "north-america",
    "revenue": 77000,
    "dealSize": 13093,
    "contractLength": 17,
    "status": "inactive",
    "notes": "Acquired via Smart Transportation Conference. Left due to: Municipal Contract Changes",
    "createdAt": "2024-11-03T00:00:00.000Z"
  },
  {
    "id": "93",
    "name": "Tamara Schmidt",
    "company": "Tamara Music Corp",
    "industry": "music",
    "region": "north-america",
    "revenue": 72000,
    "dealSize": 10170,
    "contractLength": 31,
    "status": "inactive",
    "notes": "Acquired via Music Technology Summit. Left due to: Streaming Service Changes",
    "createdAt": "2024-11-20T00:00:00.000Z"
  },
  {
    "id": "94",
    "name": "Dwight Fuller",
    "company": "Dwight Mental Corp",
    "industry": "healthcare",
    "region": "north-america",
    "revenue": 98000,
    "dealSize": 18559,
    "contractLength": 22,
    "status": "inactive",
    "notes": "Acquired via Mental Health Tech Conference. Left due to: Patient Privacy Regulations",
    "createdAt": "2024-12-07T00:00:00.000Z"
  },
  {
    "id": "95",
    "name": "Bridget Gilbert",
    "company": "Bridget Sustainable Corp",
    "industry": "fashion",
    "region": "north-america",
    "revenue": 83000,
    "dealSize": 16415,
    "contractLength": 25,
    "status": "inactive",
    "notes": "Acquired via Sustainable Fashion Summit. Left due to: Supply Chain Sustainability Issues",
    "createdAt": "2024-12-24T00:00:00.000Z"
  },
  {
    "id": "96",
    "name": "Cedric Marshall",
    "company": "Cedric Maritime Corp",
    "industry": "maritime",
    "region": "north-america",
    "revenue": 136000,
    "dealSize": 20997,
    "contractLength": 12,
    "status": "inactive",
    "notes": "Acquired via Maritime Safety Conference. Left due to: International Maritime Regulations",
    "createdAt": "2025-01-10T00:00:00.000Z"
  },
  {
    "id": "97",
    "name": "Yvonne Hunter",
    "company": "Yvonne Wildlife Corp",
    "industry": "environmental",
    "region": "north-america",
    "revenue": 92000,
    "dealSize": 10052,
    "contractLength": 32,
    "status": "inactive",
    "notes": "Acquired via Wildlife Technology Summit. Left due to: Conservation Funding Cuts",
    "createdAt": "2025-01-27T00:00:00.000Z"
  },
  {
    "id": "98",
    "name": "Earnest Mills",
    "company": "Earnest Smart Corp",
    "industry": "agriculture",
    "region": "north-america",
    "revenue": 107000,
    "dealSize": 15429,
    "contractLength": 34,
    "status": "inactive",
    "notes": "Acquired via Agricultural Innovation Fair. Left due to: Water Rights Issues",
    "createdAt": "2025-02-13T00:00:00.000Z"
  },
  {
    "id": "99",
    "name": "Claudia Boyd",
    "company": "Claudia Virtual Corp",
    "industry": "healthcare",
    "region": "north-america",
    "revenue": 85000,
    "dealSize": 9196,
    "contractLength": 30,
    "status": "inactive",
    "notes": "Acquired via VR Healthcare Summit. Left due to: Insurance Coverage Denial",
    "createdAt": "2025-03-02T00:00:00.000Z"
  },
  {
    "id": "100",
    "name": "Roderick Knight",
    "company": "Roderick Precision Corp",
    "industry": "healthcare",
    "region": "north-america",
    "revenue": 154000,
    "dealSize": 27110,
    "contractLength": 22,
    "status": "active",
    "notes": "Acquired via Precision Medicine Conference. Strong ongoing relationship.",
    "createdAt": "2025-03-19T00:00:00.000Z"
  },
  {
    "id": "101",
    "name": "Sonya Pierce",
    "company": "Sonya Digital Corp",
    "industry": "technology",
    "region": "north-america",
    "revenue": 141000,
    "dealSize": 24235,
    "contractLength": 13,
    "status": "active",
    "notes": "Acquired via Digital Twin Summit. Strong ongoing relationship.",
    "createdAt": "2025-04-05T00:00:00.000Z"
  },
  {
    "id": "102",
    "name": "Angelo Washington",
    "company": "Angelo Crop Corp",
    "industry": "agriculture",
    "region": "north-america",
    "revenue": 99000,
    "dealSize": 18104,
    "contractLength": 12,
    "status": "active",
    "notes": "Acquired via Agricultural AI Conference. Strong ongoing relationship.",
    "createdAt": "2025-04-22T00:00:00.000Z"
  },
  {
    "id": "103",
    "name": "Iris Austin",
    "company": "Iris Social Corp",
    "industry": "social-media",
    "region": "north-america",
    "revenue": 86000,
    "dealSize": 15430,
    "contractLength": 35,
    "status": "inactive",
    "notes": "Acquired via Social Media Analytics Summit. Left due to: Data Privacy Concerns",
    "createdAt": "2025-05-09T00:00:00.000Z"
  },
  {
    "id": "104",
    "name": "Nolan Bryant",
    "company": "Nolan Geospatial Corp",
    "industry": "geospatial",
    "region": "north-america",
    "revenue": 118000,
    "dealSize": 13271,
    "contractLength": 27,
    "status": "active",
    "notes": "Acquired via GIS Technology Conference. Strong ongoing relationship.",
    "createdAt": "2025-05-26T00:00:00.000Z"
  },
  {
    "id": "105",
    "name": "Tara Hopkins",
    "company": "Tara Smart Corp",
    "industry": "fashion",
    "region": "north-america",
    "revenue": 91000,
    "dealSize": 17265,
    "contractLength": 35,
    "status": "active",
    "notes": "Acquired via Wearable Technology Expo. Strong ongoing relationship.",
    "createdAt": "2025-06-12T00:00:00.000Z"
  },
  {
    "id": "106",
    "name": "Clark Washington",
    "company": "Clark Energy Corp",
    "industry": "energy",
    "region": "north-america",
    "revenue": 125000,
    "dealSize": 20912,
    "contractLength": 28,
    "status": "active",
    "notes": "Acquired via Energy Management Summit. Strong ongoing relationship.",
    "createdAt": "2023-02-08T00:00:00.000Z"
  },
  {
    "id": "107",
    "name": "Melody Freeman",
    "company": "Melody Virtual Corp",
    "industry": "technology",
    "region": "north-america",
    "revenue": 78000,
    "dealSize": 8909,
    "contractLength": 18,
    "status": "active",
    "notes": "Acquired via AI Assistant Conference. Strong ongoing relationship.",
    "createdAt": "2023-02-25T00:00:00.000Z"
  },
  {
    "id": "108",
    "name": "Ruben Carr",
    "company": "Ruben Smart Corp",
    "industry": "smart-home",
    "region": "north-america",
    "revenue": 84000,
    "dealSize": 13823,
    "contractLength": 13,
    "status": "inactive",
    "notes": "Acquired via Consumer Electronics Show. Left due to: Market Saturation",
    "createdAt": "2023-03-14T00:00:00.000Z"
  },
  {
    "id": "109",
    "name": "Hope Duncan",
    "company": "Hope Elderly Corp",
    "industry": "healthcare",
    "region": "north-america",
    "revenue": 89000,
    "dealSize": 14417,
    "contractLength": 21,
    "status": "active",
    "notes": "Acquired via Senior Technology Fair. Strong ongoing relationship.",
    "createdAt": "2023-03-31T00:00:00.000Z"
  },
  {
    "id": "110",
    "name": "Lamar Reid",
    "company": "Lamar Ocean Corp",
    "industry": "maritime",
    "region": "north-america",
    "revenue": 112000,
    "dealSize": 18532,
    "contractLength": 26,
    "status": "active",
    "notes": "Acquired via Oceanographic Conference. Strong ongoing relationship.",
    "createdAt": "2023-04-17T00:00:00.000Z"
  },
  {
    "id": "111",
    "name": "Celeste Spencer",
    "company": "Celeste Dream Corp",
    "industry": "healthcare",
    "region": "north-america",
    "revenue": 76000,
    "dealSize": 11204,
    "contractLength": 22,
    "status": "active",
    "notes": "Acquired via Sleep Technology Summit. Strong ongoing relationship.",
    "createdAt": "2023-05-04T00:00:00.000Z"
  },
  {
    "id": "112",
    "name": "Ramon Lucas",
    "company": "Ramon Smart Corp",
    "industry": "agriculture",
    "region": "north-america",
    "revenue": 103000,
    "dealSize": 11284,
    "contractLength": 23,
    "status": "active",
    "notes": "Acquired via Controlled Environment Agriculture. Strong ongoing relationship.",
    "createdAt": "2023-05-21T00:00:00.000Z"
  },
  {
    "id": "113",
    "name": "Suzanne Dean",
    "company": "Suzanne Digital Corp",
    "industry": "security",
    "region": "north-america",
    "revenue": 127000,
    "dealSize": 20791,
    "contractLength": 18,
    "status": "active",
    "notes": "Acquired via Identity Management Conference. Strong ongoing relationship.",
    "createdAt": "2023-06-07T00:00:00.000Z"
  },
  {
    "id": "114",
    "name": "Garrett Porter",
    "company": "Garrett Autonomous Corp",
    "industry": "agriculture",
    "region": "north-america",
    "revenue": 145000,
    "dealSize": 27501,
    "contractLength": 31,
    "status": "active",
    "notes": "Acquired via Agricultural Robotics Summit. Strong ongoing relationship.",
    "createdAt": "2023-06-24T00:00:00.000Z"
  },
  {
    "id": "115",
    "name": "Erin Newman",
    "company": "Erin Voice Corp",
    "industry": "healthcare",
    "region": "north-america",
    "revenue": 82000,
    "dealSize": 14919,
    "contractLength": 22,
    "status": "active",
    "notes": "Acquired via Speech Technology Conference. Strong ongoing relationship.",
    "createdAt": "2023-07-11T00:00:00.000Z"
  },
  {
    "id": "116",
    "name": "Lonnie Simon",
    "company": "Lonnie Smart Corp",
    "industry": "smart-city",
    "region": "north-america",
    "revenue": 96000,
    "dealSize": 10423,
    "contractLength": 12,
    "status": "inactive",
    "notes": "Acquired via Smart Cities Expo. Left due to: Infrastructure Changes",
    "createdAt": "2023-07-28T00:00:00.000Z"
  },
  {
    "id": "117",
    "name": "Denise Wade",
    "company": "Denise Food Corp",
    "industry": "food",
    "region": "north-america",
    "revenue": 91000,
    "dealSize": 16377,
    "contractLength": 20,
    "status": "active",
    "notes": "Acquired via Food Safety Summit. Strong ongoing relationship.",
    "createdAt": "2023-08-14T00:00:00.000Z"
  },
  {
    "id": "118",
    "name": "Rickey Lynch",
    "company": "Rickey Airline Corp",
    "industry": "aviation",
    "region": "north-america",
    "revenue": 139000,
    "dealSize": 25516,
    "contractLength": 21,
    "status": "active",
    "notes": "Acquired via Aviation Technology Conference. Strong ongoing relationship.",
    "createdAt": "2023-08-31T00:00:00.000Z"
  },
  {
    "id": "119",
    "name": "Vera Ferguson",
    "company": "Vera Digital Corp",
    "industry": "food",
    "region": "north-america",
    "revenue": 74000,
    "dealSize": 8071,
    "contractLength": 30,
    "status": "active",
    "notes": "Acquired via Food Technology Fair. Strong ongoing relationship.",
    "createdAt": "2023-09-17T00:00:00.000Z"
  },
  {
    "id": "120",
    "name": "Darrell Simpson",
    "company": "Darrell Smart Corp",
    "industry": "retail",
    "region": "north-america",
    "revenue": 108000,
    "dealSize": 14552,
    "contractLength": 18,
    "status": "active",
    "notes": "Acquired via Retail Technology Conference. Strong ongoing relationship.",
    "createdAt": "2023-10-04T00:00:00.000Z"
  },
  {
    "id": "121",
    "name": "Belinda Lucas",
    "company": "Belinda Mental Corp",
    "industry": "healthcare",
    "region": "north-america",
    "revenue": 87000,
    "dealSize": 11746,
    "contractLength": 27,
    "status": "active",
    "notes": "Acquired via Digital Mental Health Summit. Strong ongoing relationship.",
    "createdAt": "2023-10-21T00:00:00.000Z"
  },
  {
    "id": "122",
    "name": "Willis George",
    "company": "Willis Solar Corp",
    "industry": "energy",
    "region": "north-america",
    "revenue": 122000,
    "dealSize": 23183,
    "contractLength": 18,
    "status": "active",
    "notes": "Acquired via Solar Technology Conference. Strong ongoing relationship.",
    "createdAt": "2023-11-07T00:00:00.000Z"
  },
  {
    "id": "123",
    "name": "Dana Morales",
    "company": "Dana Virtual Corp",
    "industry": "culture",
    "region": "north-america",
    "revenue": 79000,
    "dealSize": 8977,
    "contractLength": 25,
    "status": "active",
    "notes": "Acquired via Museum Technology Summit. Strong ongoing relationship.",
    "createdAt": "2023-11-24T00:00:00.000Z"
  },
  {
    "id": "124",
    "name": "Corey Harper",
    "company": "Corey Wildlife Corp",
    "industry": "environmental",
    "region": "north-america",
    "revenue": 94000,
    "dealSize": 12120,
    "contractLength": 20,
    "status": "active",
    "notes": "Acquired via Conservation Technology Conference. Strong ongoing relationship.",
    "createdAt": "2023-12-11T00:00:00.000Z"
  },
  {
    "id": "125",
    "name": "Joanna Little",
    "company": "Joanna Smart Corp",
    "industry": "utilities",
    "region": "north-america",
    "revenue": 116000,
    "dealSize": 14691,
    "contractLength": 23,
    "status": "inactive",
    "notes": "Acquired via Water Technology Summit. Left due to: Resource Constraints",
    "createdAt": "2023-12-28T00:00:00.000Z"
  },
  {
    "id": "126",
    "name": "Wendell Morrison",
    "company": "Wendell Digital Corp",
    "industry": "art",
    "region": "north-america",
    "revenue": 85000,
    "dealSize": 16637,
    "contractLength": 32,
    "status": "active",
    "notes": "Acquired via Art Technology Conference. Strong ongoing relationship.",
    "createdAt": "2024-01-14T00:00:00.000Z"
  },
  {
    "id": "127",
    "name": "Kristin Webb",
    "company": "Kristin Pregnancy Corp",
    "industry": "healthcare",
    "region": "north-america",
    "revenue": 88000,
    "dealSize": 11529,
    "contractLength": 22,
    "status": "active",
    "notes": "Acquired via Women's Health Technology Summit. Strong ongoing relationship.",
    "createdAt": "2024-01-31T00:00:00.000Z"
  },
  {
    "id": "128",
    "name": "Bradford Curtis",
    "company": "Bradford Bee Corp",
    "industry": "agriculture",
    "region": "north-america",
    "revenue": 92000,
    "dealSize": 10754,
    "contractLength": 28,
    "status": "active",
    "notes": "Acquired via Pollinator Conservation Conference. Strong ongoing relationship.",
    "createdAt": "2024-02-17T00:00:00.000Z"
  },
  {
    "id": "129",
    "name": "Carla Owens",
    "company": "Carla Virtual Corp",
    "industry": "fitness",
    "region": "north-america",
    "revenue": 81000,
    "dealSize": 15098,
    "contractLength": 33,
    "status": "active",
    "notes": "Acquired via Fitness Technology Expo. Strong ongoing relationship.",
    "createdAt": "2024-03-05T00:00:00.000Z"
  },
  {
    "id": "130",
    "name": "Cory Frank",
    "company": "Cory Earthquake Corp",
    "industry": "emergency",
    "region": "north-america",
    "revenue": 147000,
    "dealSize": 19116,
    "contractLength": 14,
    "status": "active",
    "notes": "Acquired via Seismology Technology Conference. Strong ongoing relationship.",
    "createdAt": "2024-03-22T00:00:00.000Z"
  },
  {
    "id": "131",
    "name": "Rosa Arnold",
    "company": "Rosa Digital Corp",
    "industry": "fashion",
    "region": "north-america",
    "revenue": 76000,
    "dealSize": 7616,
    "contractLength": 33,
    "status": "active",
    "notes": "Acquired via Fashion Technology Summit. Strong ongoing relationship.",
    "createdAt": "2024-04-08T00:00:00.000Z"
  },
  {
    "id": "132",
    "name": "Darren Caldwell",
    "company": "Darren Smart Corp",
    "industry": "maritime",
    "region": "north-america",
    "revenue": 99000,
    "dealSize": 18029,
    "contractLength": 15,
    "status": "active",
    "notes": "Acquired via Marine Technology Conference. Strong ongoing relationship.",
    "createdAt": "2024-04-25T00:00:00.000Z"
  },
  {
    "id": "133",
    "name": "Sandy Sharp",
    "company": "Sandy Virtual Corp",
    "industry": "education",
    "region": "north-america",
    "revenue": 93000,
    "dealSize": 16143,
    "contractLength": 18,
    "status": "inactive",
    "notes": "Acquired via VR Education Summit. Left due to: Platform Incompatibility",
    "createdAt": "2024-05-12T00:00:00.000Z"
  },
  {
    "id": "134",
    "name": "Zachary Waters",
    "company": "Zachary Crop Corp",
    "industry": "agriculture",
    "region": "north-america",
    "revenue": 111000,
    "dealSize": 18747,
    "contractLength": 23,
    "status": "active",
    "notes": "Acquired via Agricultural Forecasting Conference. Strong ongoing relationship.",
    "createdAt": "2024-05-29T00:00:00.000Z"
  },
  {
    "id": "135",
    "name": "Anita Kelley",
    "company": "Anita Smart Corp",
    "industry": "healthcare",
    "region": "north-america",
    "revenue": 135000,
    "dealSize": 15468,
    "contractLength": 16,
    "status": "active",
    "notes": "Acquired via Hospital Technology Summit. Strong ongoing relationship.",
    "createdAt": "2024-06-15T00:00:00.000Z"
  },
  {
    "id": "136",
    "name": "Jonathon Drake",
    "company": "Jonathon Ocean Corp",
    "industry": "environmental",
    "region": "north-america",
    "revenue": 105000,
    "dealSize": 12362,
    "contractLength": 31,
    "status": "active",
    "notes": "Acquired via Ocean Conservation Technology Fair. Strong ongoing relationship.",
    "createdAt": "2024-07-02T00:00:00.000Z"
  },
  {
    "id": "137",
    "name": "Brooke Fleming",
    "company": "Brooke Digital Corp",
    "industry": "healthcare",
    "region": "north-america",
    "revenue": 84000,
    "dealSize": 15610,
    "contractLength": 28,
    "status": "active",
    "notes": "Acquired via Art Therapy Technology Conference. Strong ongoing relationship.",
    "createdAt": "2024-07-19T00:00:00.000Z"
  },
  {
    "id": "138",
    "name": "Sherman Crawford",
    "company": "Sherman Smart Corp",
    "industry": "agriculture",
    "region": "north-america",
    "revenue": 90000,
    "dealSize": 15476,
    "contractLength": 25,
    "status": "active",
    "notes": "Acquired via Apiary Technology Summit. Strong ongoing relationship.",
    "createdAt": "2024-08-05T00:00:00.000Z"
  },
  {
    "id": "139",
    "name": "Priscilla Potter",
    "company": "Priscilla Virtual Corp",
    "industry": "wellness",
    "region": "north-america",
    "revenue": 77000,
    "dealSize": 9488,
    "contractLength": 31,
    "status": "active",
    "notes": "Acquired via Mindfulness Technology Conference. Strong ongoing relationship.",
    "createdAt": "2024-08-22T00:00:00.000Z"
  },
  {
    "id": "140",
    "name": "Jean Lawson",
    "company": "Jean AI Corp",
    "industry": "music",
    "region": "north-america",
    "revenue": 95000,
    "dealSize": 9790,
    "contractLength": 23,
    "status": "active",
    "notes": "Acquired via AI Music Summit. Strong ongoing relationship.",
    "createdAt": "2024-09-08T00:00:00.000Z"
  },
  {
    "id": "141",
    "name": "Santos Rhodes",
    "company": "Santos Smart Corp",
    "industry": "transportation",
    "region": "north-america",
    "revenue": 129000,
    "dealSize": 23864,
    "contractLength": 22,
    "status": "active",
    "notes": "Acquired via Intelligent Transportation Conference. Strong ongoing relationship.",
    "createdAt": "2024-09-25T00:00:00.000Z"
  },
  {
    "id": "142",
    "name": "Tanya Cross",
    "company": "Tanya Digital Corp",
    "industry": "pet-care",
    "region": "north-america",
    "revenue": 82000,
    "dealSize": 10341,
    "contractLength": 34,
    "status": "active",
    "notes": "Acquired via Pet Care Technology Expo. Strong ongoing relationship.",
    "createdAt": "2024-10-12T00:00:00.000Z"
  },
  {
    "id": "143",
    "name": "Lee Page",
    "company": "Lee Precision Corp",
    "industry": "aquaculture",
    "region": "north-america",
    "revenue": 107000,
    "dealSize": 15352,
    "contractLength": 33,
    "status": "active",
    "notes": "Acquired via Aquaculture Technology Summit. Strong ongoing relationship.",
    "createdAt": "2024-10-29T00:00:00.000Z"
  },
  {
    "id": "144",
    "name": "Antoinette Moss",
    "company": "Antoinette Smart Corp",
    "industry": "construction",
    "region": "north-america",
    "revenue": 138000,
    "dealSize": 19519,
    "contractLength": 18,
    "status": "inactive",
    "notes": "Acquired via Building Automation Conference. Left due to: System Integration Issues",
    "createdAt": "2024-11-15T00:00:00.000Z"
  },
  {
    "id": "145",
    "name": "Pedro Schneider",
    "company": "Pedro Digital Corp",
    "industry": "fashion",
    "region": "north-america",
    "revenue": 86000,
    "dealSize": 12420,
    "contractLength": 14,
    "status": "active",
    "notes": "Acquired via Fashion Design Technology Summit. Strong ongoing relationship.",
    "createdAt": "2024-12-02T00:00:00.000Z"
  },
  {
    "id": "146",
    "name": "Rosemary Fischer",
    "company": "Rosemary Wildlife Corp",
    "industry": "environmental",
    "region": "north-america",
    "revenue": 98000,
    "dealSize": 16270,
    "contractLength": 35,
    "status": "active",
    "notes": "Acquired via Wildlife Technology Conference. Strong ongoing relationship.",
    "createdAt": "2024-12-19T00:00:00.000Z"
  },
  {
    "id": "147",
    "name": "Eugene Becker",
    "company": "Eugene Smart Corp",
    "industry": "environmental",
    "region": "north-america",
    "revenue": 102000,
    "dealSize": 19290,
    "contractLength": 28,
    "status": "active",
    "notes": "Acquired via Circular Economy Technology Summit. Strong ongoing relationship.",
    "createdAt": "2025-01-05T00:00:00.000Z"
  },
  {
    "id": "148",
    "name": "Kristina Mueller",
    "company": "Kristina Virtual Corp",
    "industry": "fitness",
    "region": "north-america",
    "revenue": 79000,
    "dealSize": 15478,
    "contractLength": 31,
    "status": "active",
    "notes": "Acquired via VR Fitness Technology Conference. Strong ongoing relationship.",
    "createdAt": "2025-01-22T00:00:00.000Z"
  },
  {
    "id": "149",
    "name": "Mario Wagner",
    "company": "Mario AI Corp",
    "industry": "agriculture",
    "region": "north-america",
    "revenue": 114000,
    "dealSize": 13741,
    "contractLength": 35,
    "status": "active",
    "notes": "Acquired via Crop Protection Technology Summit. Strong ongoing relationship.",
    "createdAt": "2025-02-08T00:00:00.000Z"
  },
  {
    "id": "150",
    "name": "Esther Silva",
    "company": "Esther Digital Corp",
    "industry": "healthcare",
    "region": "north-america",
    "revenue": 91000,
    "dealSize": 13872,
    "contractLength": 21,
    "status": "active",
    "notes": "Acquired via Memory Care Technology Conference. Strong ongoing relationship.",
    "createdAt": "2025-02-25T00:00:00.000Z"
  },
  {
    "id": "151",
    "name": "Clay Kennedy",
    "company": "Clay Smart Corp",
    "industry": "agriculture",
    "region": "north-america",
    "revenue": 106000,
    "dealSize": 18839,
    "contractLength": 32,
    "status": "active",
    "notes": "Acquired via Viticulture Technology Summit. Strong ongoing relationship.",
    "createdAt": "2025-03-14T00:00:00.000Z"
  },
  {
    "id": "152",
    "name": "Tabitha Palmer",
    "company": "Tabitha Virtual Corp",
    "industry": "healthcare",
    "region": "north-america",
    "revenue": 88000,
    "dealSize": 13761,
    "contractLength": 22,
    "status": "active",
    "notes": "Acquired via Pain Management Technology Conference. Strong ongoing relationship.",
    "createdAt": "2025-03-31T00:00:00.000Z"
  },
  {
    "id": "153",
    "name": "Irving Hoffman",
    "company": "Irving AI Corp",
    "industry": "weather",
    "region": "north-america",
    "revenue": 123000,
    "dealSize": 21103,
    "contractLength": 20,
    "status": "active",
    "notes": "Acquired via Meteorology Technology Summit. Strong ongoing relationship.",
    "createdAt": "2025-04-17T00:00:00.000Z"
  },
  {
    "id": "154",
    "name": "Gwendolyn Lloyd",
    "company": "Gwendolyn Digital Corp",
    "industry": "art",
    "region": "north-america",
    "revenue": 83000,
    "dealSize": 16174,
    "contractLength": 22,
    "status": "active",
    "notes": "Acquired via Art Curation Technology Conference. Strong ongoing relationship.",
    "createdAt": "2025-05-04T00:00:00.000Z"
  },
  {
    "id": "155",
    "name": "Lester Wong",
    "company": "Lester Smart Corp",
    "industry": "pet-care",
    "region": "north-america",
    "revenue": 85000,
    "dealSize": 12149,
    "contractLength": 30,
    "status": "inactive",
    "notes": "Acquired via Aquarium Technology Expo. Left due to: Niche Market Limitations",
    "createdAt": "2025-05-21T00:00:00.000Z"
  },
  {
    "id": "156",
    "name": "Lucia Fletcher",
    "company": "Lucia AI Corp",
    "industry": "healthcare",
    "region": "north-america",
    "revenue": 89000,
    "dealSize": 13735,
    "contractLength": 24,
    "status": "active",
    "notes": "Acquired via Music Therapy Technology Summit. Strong ongoing relationship.",
    "createdAt": "2025-06-07T00:00:00.000Z"
  },
  {
    "id": "157",
    "name": "Abel Garrett",
    "company": "Abel Digital Corp",
    "industry": "gardening",
    "region": "north-america",
    "revenue": 77000,
    "dealSize": 9696,
    "contractLength": 32,
    "status": "active",
    "notes": "Acquired via Garden Technology Fair. Strong ongoing relationship.",
    "createdAt": "2023-01-22T00:00:00.000Z"
  },
  {
    "id": "158",
    "name": "Gina Webster",
    "company": "Gina Smart Corp",
    "industry": "pet-care",
    "region": "north-america",
    "revenue": 84000,
    "dealSize": 14678,
    "contractLength": 30,
    "status": "active",
    "notes": "Acquired via Pet Technology Summit. Strong ongoing relationship.",
    "createdAt": "2023-02-11T00:00:00.000Z"
  },
  {
    "id": "159",
    "name": "Rex Lane",
    "company": "Rex Virtual Corp",
    "industry": "archaeology",
    "region": "north-america",
    "revenue": 97000,
    "dealSize": 12728,
    "contractLength": 32,
    "status": "active",
    "notes": "Acquired via Digital Archaeology Conference. Strong ongoing relationship.",
    "createdAt": "2023-03-01T00:00:00.000Z"
  },
  {
    "id": "160",
    "name": "Kimberley Todd",
    "company": "Kimberley AI Corp",
    "industry": "healthcare",
    "region": "north-america",
    "revenue": 91000,
    "dealSize": 17982,
    "contractLength": 24,
    "status": "active",
    "notes": "Acquired via Nutrition Technology Summit. Strong ongoing relationship.",
    "createdAt": "2023-03-20T00:00:00.000Z"
  },
  {
    "id": "161",
    "name": "Salvatore Malone",
    "company": "Salvatore Smart Corp",
    "industry": "environmental",
    "region": "north-america",
    "revenue": 118000,
    "dealSize": 22813,
    "contractLength": 32,
    "status": "inactive",
    "notes": "Acquired via Forestry Technology Conference. Left due to: Environmental Regulations",
    "createdAt": "2023-04-08T00:00:00.000Z"
  },
  {
    "id": "162",
    "name": "Jodi Robbins",
    "company": "Jodi Digital Corp",
    "industry": "wellness",
    "region": "north-america",
    "revenue": 78000,
    "dealSize": 11129,
    "contractLength": 27,
    "status": "active",
    "notes": "Acquired via Meditation Technology Summit. Strong ongoing relationship.",
    "createdAt": "2023-04-27T00:00:00.000Z"
  },
  {
    "id": "163",
    "name": "Delbert Nash",
    "company": "Delbert AI Corp",
    "industry": "photography",
    "region": "north-america",
    "revenue": 93000,
    "dealSize": 11218,
    "contractLength": 29,
    "status": "active",
    "notes": "Acquired via Wildlife Photography Technology Fair. Strong ongoing relationship.",
    "createdAt": "2023-05-16T00:00:00.000Z"
  },
  {
    "id": "164",
    "name": "Lois Bowen",
    "company": "Lois Smart Corp",
    "industry": "agriculture",
    "region": "north-america",
    "revenue": 86000,
    "dealSize": 12235,
    "contractLength": 32,
    "status": "active",
    "notes": "Acquired via Smart Agriculture Conference. Strong ongoing relationship.",
    "createdAt": "2023-06-04T00:00:00.000Z"
  },
  {
    "id": "165",
    "name": "Jerald Mccarthy",
    "company": "Jerald Virtual Corp",
    "industry": "culture",
    "region": "north-america",
    "revenue": 101000,
    "dealSize": 15603,
    "contractLength": 22,
    "status": "active",
    "notes": "Acquired via Museum Technology Conference. Strong ongoing relationship.",
    "createdAt": "2023-06-23T00:00:00.000Z"
  },
  {
    "id": "166",
    "name": "Alma Thornton",
    "company": "Alma AI Corp",
    "industry": "environmental",
    "region": "north-america",
    "revenue": 82000,
    "dealSize": 14156,
    "contractLength": 14,
    "status": "active",
    "notes": "Acquired via Birding Technology Summit. Strong ongoing relationship.",
    "createdAt": "2023-07-12T00:00:00.000Z"
  },
  {
    "id": "167",
    "name": "Fernando Vaughn",
    "company": "Fernando Smart Corp",
    "industry": "agriculture",
    "region": "north-america",
    "revenue": 109000,
    "dealSize": 17688,
    "contractLength": 28,
    "status": "active",
    "notes": "Acquired via Greenhouse Technology Conference. Strong ongoing relationship.",
    "createdAt": "2023-07-31T00:00:00.000Z"
  },
  {
    "id": "168",
    "name": "Geneva Manning",
    "company": "Geneva Digital Corp",
    "industry": "art",
    "region": "north-america",
    "revenue": 87000,
    "dealSize": 14378,
    "contractLength": 23,
    "status": "active",
    "notes": "Acquired via Digital Art Technology Summit. Strong ongoing relationship.",
    "createdAt": "2023-08-19T00:00:00.000Z"
  },
  {
    "id": "169",
    "name": "Gilberto Williamson",
    "company": "Gilberto AI Corp",
    "industry": "environmental",
    "region": "north-america",
    "revenue": 95000,
    "dealSize": 15606,
    "contractLength": 19,
    "status": "inactive",
    "notes": "Acquired via Ornithology Technology Conference. Left due to: Research Funding Cut",
    "createdAt": "2023-09-07T00:00:00.000Z"
  },
  {
    "id": "170",
    "name": "Jeannie Carson",
    "company": "Jeannie Smart Corp",
    "industry": "gardening",
    "region": "north-america",
    "revenue": 83000,
    "dealSize": 11830,
    "contractLength": 31,
    "status": "active",
    "notes": "Acquired via Garden Technology Summit. Strong ongoing relationship.",
    "createdAt": "2023-09-26T00:00:00.000Z"
  },
  {
    "id": "171",
    "name": "Lowell Mcdonald",
    "company": "Lowell Virtual Corp",
    "industry": "entertainment",
    "region": "north-america",
    "revenue": 98000,
    "dealSize": 16352,
    "contractLength": 19,
    "status": "active",
    "notes": "Acquired via Zoo Technology Conference. Strong ongoing relationship.",
    "createdAt": "2023-10-15T00:00:00.000Z"
  },
  {
    "id": "172",
    "name": "Rachael Fleming",
    "company": "Rachael AI Corp",
    "industry": "agriculture",
    "region": "north-america",
    "revenue": 104000,
    "dealSize": 11633,
    "contractLength": 23,
    "status": "active",
    "notes": "Acquired via Plant Pathology Technology Summit. Strong ongoing relationship.",
    "createdAt": "2023-11-03T00:00:00.000Z"
  },
  {
    "id": "173",
    "name": "Karl Burke",
    "company": "Karl Smart Corp",
    "industry": "environmental",
    "region": "north-america",
    "revenue": 79000,
    "dealSize": 8409,
    "contractLength": 31,
    "status": "active",
    "notes": "Acquired via Butterfly Conservation Technology Fair. Strong ongoing relationship.",
    "createdAt": "2023-11-22T00:00:00.000Z"
  },
  {
    "id": "174",
    "name": "Jeannette Stanley",
    "company": "Jeannette Digital Corp",
    "industry": "environmental",
    "region": "north-america",
    "revenue": 81000,
    "dealSize": 13847,
    "contractLength": 27,
    "status": "active",
    "notes": "Acquired via Nature Technology Summit. Strong ongoing relationship.",
    "createdAt": "2023-12-11T00:00:00.000Z"
  },
  {
    "id": "175",
    "name": "Emmett Powers",
    "company": "Emmett AI Corp",
    "industry": "environmental",
    "region": "north-america",
    "revenue": 106000,
    "dealSize": 16614,
    "contractLength": 20,
    "status": "active",
    "notes": "Acquired via Arboriculture Technology Conference. Strong ongoing relationship.",
    "createdAt": "2023-12-30T00:00:00.000Z"
  },
  {
    "id": "176",
    "name": "Vicki Douglas",
    "company": "Vicki Smart Corp",
    "industry": "environmental",
    "region": "north-america",
    "revenue": 75000,
    "dealSize": 11572,
    "contractLength": 23,
    "status": "active",
    "notes": "Acquired via Backyard Wildlife Technology Summit. Strong ongoing relationship.",
    "createdAt": "2024-01-18T00:00:00.000Z"
  },
  {
    "id": "177",
    "name": "Damon Williamson",
    "company": "Damon Virtual Corp",
    "industry": "education",
    "region": "north-america",
    "revenue": 92000,
    "dealSize": 9960,
    "contractLength": 30,
    "status": "active",
    "notes": "Acquired via Botanical Technology Conference. Strong ongoing relationship.",
    "createdAt": "2024-02-06T00:00:00.000Z"
  },
  {
    "id": "178",
    "name": "Roberta Watkins",
    "company": "Roberta AI Corp",
    "industry": "environmental",
    "region": "north-america",
    "revenue": 88000,
    "dealSize": 16409,
    "contractLength": 25,
    "status": "active",
    "notes": "Acquired via Botanical Identification Technology Summit. Strong ongoing relationship.",
    "createdAt": "2024-02-25T00:00:00.000Z"
  },
  {
    "id": "179",
    "name": "Enrique Jensen",
    "company": "Enrique Smart Corp",
    "industry": "environmental",
    "region": "north-america",
    "revenue": 85000,
    "dealSize": 11106,
    "contractLength": 17,
    "status": "inactive",
    "notes": "Acquired via Composting Technology Fair. Left due to: Market Competition",
    "createdAt": "2024-03-15T00:00:00.000Z"
  },
  {
    "id": "180",
    "name": "Glenda Pope",
    "company": "Glenda Digital Corp",
    "industry": "environmental",
    "region": "north-america",
    "revenue": 96000,
    "dealSize": 16341,
    "contractLength": 13,
    "status": "active",
    "notes": "Acquired via Wildlife Tracking Technology Summit. Strong ongoing relationship.",
    "createdAt": "2024-04-03T00:00:00.000Z"
  },
  {
    "id": "181",
    "name": "Shaun Dennis",
    "company": "Shaun AI Corp",
    "industry": "environmental",
    "region": "north-america",
    "revenue": 89000,
    "dealSize": 12868,
    "contractLength": 26,
    "status": "active",
    "notes": "Acquired via Mycology Technology Conference. Strong ongoing relationship.",
    "createdAt": "2024-04-22T00:00:00.000Z"
  },
  {
    "id": "182",
    "name": "Vera Chambers",
    "company": "Vera Smart Corp",
    "industry": "weather",
    "region": "north-america",
    "revenue": 112000,
    "dealSize": 17977,
    "contractLength": 32,
    "status": "active",
    "notes": "Acquired via Weather Technology Summit. Strong ongoing relationship.",
    "createdAt": "2024-05-11T00:00:00.000Z"
  },
  {
    "id": "183",
    "name": "Edmund Gonzales",
    "company": "Edmund Virtual Corp",
    "industry": "environmental",
    "region": "north-america",
    "revenue": 103000,
    "dealSize": 19178,
    "contractLength": 33,
    "status": "active",
    "notes": "Acquired via Ecosystem Technology Conference. Strong ongoing relationship.",
    "createdAt": "2024-05-30T00:00:00.000Z"
  },
  {
    "id": "184",
    "name": "Rosemarie Chapman",
    "company": "Rosemarie AI Corp",
    "industry": "environmental",
    "region": "north-america",
    "revenue": 91000,
    "dealSize": 11539,
    "contractLength": 12,
    "status": "active",
    "notes": "Acquired via Pollinator Technology Summit. Strong ongoing relationship.",
    "createdAt": "2024-06-18T00:00:00.000Z"
  },
  {
    "id": "185",
    "name": "Randall Mcbride",
    "company": "Randall Smart Corp",
    "industry": "weather",
    "region": "north-america",
    "revenue": 87000,
    "dealSize": 12611,
    "contractLength": 31,
    "status": "active",
    "notes": "Acquired via Precipitation Monitoring Conference. Strong ongoing relationship.",
    "createdAt": "2024-07-07T00:00:00.000Z"
  },
  {
    "id": "186",
    "name": "Lynne Stephens",
    "company": "Lynne Digital Corp",
    "industry": "photography",
    "region": "north-america",
    "revenue": 84000,
    "dealSize": 13901,
    "contractLength": 12,
    "status": "active",
    "notes": "Acquired via Nature Photography Technology Summit. Strong ongoing relationship.",
    "createdAt": "2024-07-26T00:00:00.000Z"
  },
  {
    "id": "187",
    "name": "Sammy Lucas",
    "company": "Sammy AI Corp",
    "industry": "agriculture",
    "region": "north-america",
    "revenue": 108000,
    "dealSize": 12061,
    "contractLength": 31,
    "status": "active",
    "notes": "Acquired via Soil Science Technology Conference. Strong ongoing relationship.",
    "createdAt": "2024-08-14T00:00:00.000Z"
  },
  {
    "id": "188",
    "name": "Holly Wade",
    "company": "Holly Smart Corp",
    "industry": "environmental",
    "region": "north-america",
    "revenue": 93000,
    "dealSize": 16143,
    "contractLength": 21,
    "status": "active",
    "notes": "Acquired via Wildlife Camera Technology Summit. Strong ongoing relationship.",
    "createdAt": "2024-09-02T00:00:00.000Z"
  },
  {
    "id": "189",
    "name": "Rudy Armstrong",
    "company": "Rudy Virtual Corp",
    "industry": "environmental",
    "region": "north-america",
    "revenue": 97000,
    "dealSize": 14315,
    "contractLength": 17,
    "status": "inactive",
    "notes": "Acquired via Forest Technology Conference. Left due to: Hardware Limitations",
    "createdAt": "2024-09-21T00:00:00.000Z"
  },
  {
    "id": "190",
    "name": "Grace Lynch",
    "company": "Grace AI Corp",
    "industry": "agriculture",
    "region": "north-america",
    "revenue": 86000,
    "dealSize": 11765,
    "contractLength": 14,
    "status": "active",
    "notes": "Acquired via Seed Technology Summit. Strong ongoing relationship.",
    "createdAt": "2024-10-10T00:00:00.000Z"
  },
  {
    "id": "191",
    "name": "Dwaine Ferguson",
    "company": "Dwaine Smart Corp",
    "industry": "agriculture",
    "region": "north-america",
    "revenue": 101000,
    "dealSize": 13951,
    "contractLength": 17,
    "status": "active",
    "notes": "Acquired via Pollination Technology Conference. Strong ongoing relationship.",
    "createdAt": "2024-10-29T00:00:00.000Z"
  },
  {
    "id": "192",
    "name": "Jacquelyn Simpson",
    "company": "Jacquelyn Digital Corp",
    "industry": "environmental",
    "region": "north-america",
    "revenue": 114000,
    "dealSize": 14971,
    "contractLength": 19,
    "status": "active",
    "notes": "Acquired via Ecosystem Mapping Technology Summit. Strong ongoing relationship.",
    "createdAt": "2024-11-17T00:00:00.000Z"
  },
  {
    "id": "193",
    "name": "Donnie George",
    "company": "Donnie AI Corp",
    "industry": "environmental",
    "region": "north-america",
    "revenue": 125000,
    "dealSize": 18729,
    "contractLength": 32,
    "status": "active",
    "notes": "Acquired via Climate Technology Conference. Strong ongoing relationship.",
    "createdAt": "2024-12-06T00:00:00.000Z"
  },
  {
    "id": "194",
    "name": "Rhonda Morales",
    "company": "Rhonda Smart Corp",
    "industry": "environmental",
    "region": "north-america",
    "revenue": 119000,
    "dealSize": 13222,
    "contractLength": 18,
    "status": "active",
    "notes": "Acquired via Carbon Technology Summit. Strong ongoing relationship.",
    "createdAt": "2024-12-25T00:00:00.000Z"
  },
  {
    "id": "195",
    "name": "Guy Harper",
    "company": "Guy Virtual Corp",
    "industry": "environmental",
    "region": "north-america",
    "revenue": 95000,
    "dealSize": 16285,
    "contractLength": 21,
    "status": "active",
    "notes": "Acquired via Conservation Technology Conference. Strong ongoing relationship.",
    "createdAt": "2025-01-13T00:00:00.000Z"
  },
  {
    "id": "196",
    "name": "Delia Little",
    "company": "Delia AI Corp",
    "industry": "environmental",
    "region": "north-america",
    "revenue": 107000,
    "dealSize": 17867,
    "contractLength": 28,
    "status": "active",
    "notes": "Acquired via Taxonomy Technology Summit. Strong ongoing relationship.",
    "createdAt": "2025-02-01T00:00:00.000Z"
  },
  {
    "id": "197",
    "name": "Abel Morrison",
    "company": "Abel Smart Corp",
    "industry": "environmental",
    "region": "north-america",
    "revenue": 98000,
    "dealSize": 17473,
    "contractLength": 26,
    "status": "active",
    "notes": "Acquired via Habitat Restoration Technology Conference. Strong ongoing relationship.",
    "createdAt": "2025-02-20T00:00:00.000Z"
  },
  {
    "id": "198",
    "name": "Jana Webb",
    "company": "Jana Digital Corp",
    "industry": "environmental",
    "region": "north-america",
    "revenue": 102000,
    "dealSize": 16668,
    "contractLength": 32,
    "status": "active",
    "notes": "Acquired via Biodiversity Technology Summit. Strong ongoing relationship.",
    "createdAt": "2025-03-11T00:00:00.000Z"
  },
  {
    "id": "199",
    "name": "Hector Curtis",
    "company": "Hector AI Corp",
    "industry": "environmental",
    "region": "north-america",
    "revenue": 111000,
    "dealSize": 11582,
    "contractLength": 26,
    "status": "active",
    "notes": "Acquired via Environmental Impact Technology Conference. Strong ongoing relationship.",
    "createdAt": "2025-03-30T00:00:00.000Z"
  },
  {
    "id": "200",
    "name": "Gail Owens",
    "company": "Gail Smart Corp",
    "industry": "environmental",
    "region": "north-america",
    "revenue": 116000,
    "dealSize": 16698,
    "contractLength": 18,
    "status": "active",
    "notes": "Acquired via Ecosystem Health Technology Summit. Strong ongoing relationship.",
    "createdAt": "2025-04-18T00:00:00.000Z"
  }
]